<record><leader>00000cas a22000007a 4500</leader><controlfield tag="001">10260907</controlfield><controlfield tag="008">840103d18721883njuwr ne      0    0eng d</controlfield><datafield ind1=" " ind2=" " tag="010"><subfield code="a">sn 84026053 </subfield></datafield><datafield ind1=" " ind2=" " tag="040"><subfield code="a">NPU</subfield><subfield code="b">eng</subfield><subfield code="c">NPU</subfield><subfield code="d">NPX</subfield><subfield code="d">NPA</subfield><subfield code="d">MGN</subfield><subfield code="d">OCLCQ</subfield></datafield><datafield ind1=" " ind2=" " tag="042"><subfield code="a">msc</subfield></datafield><datafield ind1="0" ind2="0" tag="245"><subfield code="a">Hackettstown herald.</subfield></datafield><datafield ind1=" " ind2=" " tag="260"><subfield code="a">Hackettstown, N.J. :</subfield><subfield code="b">John Tims &amp; Co.</subfield></datafield><datafield ind1=" " ind2=" " tag="300"><subfield code="a">v. ;</subfield><subfield code="c">61 cm.</subfield></datafield><datafield ind1=" " ind2=" " tag="310"><subfield code="a">Weekly</subfield></datafield><datafield ind1="1" ind2=" " tag="362"><subfield code="a">Began Feb. 9, 1872; ceased Feb. 9, 1883. Cf. Direct. of N.J. newspapers, 1765-1970.</subfield></datafield><datafield ind1=" " ind2=" " tag="500"><subfield code="a">Editors: Andrew A. Neal, &lt;1873&gt;; LaMonte G. Raymond, &lt;1874-1875&gt;; S. Sawyer, &lt;1876&gt;; A.C. Higgins, &lt;1877&gt;.</subfield></datafield><datafield ind1=" " ind2=" " tag="500"><subfield code="a">Erroneous ending date of 1881 recorded in: Gregory, W. Amer. newspapers.</subfield></datafield><datafield ind1=" " ind2=" " tag="500"><subfield code="a">Publishers: Tims &amp; Neal, &lt;1872&gt;; John Tims &amp; Co., &lt;1873&gt;; LaMonte G. Raymond, &lt;1874-1875&gt;; S. Sawyer, &lt;1876&gt;; A.C. Higgins, &lt;1877&gt;.</subfield></datafield><datafield ind1=" " ind2=" " tag="580"><subfield code="a">Continued by: Warren Republican (Hackettstown, N.J.). Cf. Direct. of N.J. newspapers, 1765-1970.</subfield></datafield><datafield ind1=" " ind2=" " tag="588"><subfield code="a">Description based on: Vol. 1, no. 19 (Jan. 23, 1873).</subfield></datafield><datafield ind1=" " ind2=" " tag="752"><subfield code="a">United States</subfield><subfield code="b">New Jersey</subfield><subfield code="c">Warren</subfield><subfield code="d">Hackettstown.</subfield></datafield><datafield ind1="1" ind2="0" tag="785"><subfield code="t">Warren Republican (Hackettstown, N.J.)</subfield><subfield code="w">(DLC)sn 85035657</subfield></datafield></record>